@article{cmp-venv-conda,
  title={Conda vs pip and virtualenv table},
  year={2016},
  url={http://conda.pydata.org/docs/_downloads/conda-pip-virtualenv-translator.html}
}


@article{satsolver,
  title={New Advances in conda},
  author={Schnell, Ilan},
  year={2013},
  url={https://www.continuum.io/blog/developer/new-advances-conda-0}
}

@article{conda,
  title={Python Packages and Environments with conda},
  author={Bryan Van de Ven},
  year={2015},
  url={https://www.continuum.io/blog/developer-blog/python-packages-and-environments-conda}
}

@article{fastlane,
  title={Fast Lane Python},
  author={Matloff, Norm},
  year={2012},
  url={http://heather.cs.ucdavis.edu/~matloff/Python/PLN/FastLanePython.pdf}
}
